% Algoritmos Genéticos

@Inbook{Eiben2015,
author="Eiben, A. E.
and Smith, J. E.",
title="Popular Evolutionary Algorithm Variants",
bookTitle="Introduction to Evolutionary Computing",
year="2015",
publisher="Springer Berlin Heidelberg",
address="Berlin, Heidelberg",
pages="99--116",
abstract="In this chapter we describe the most widely known evolutionary algorithm variants. This overview serves a twofold purpose: On the one hand, it introduces those historical EA variants without which no EC textbook would be complete together with some more recent versions that deserve their own place in the family tableau. On the other hand, it demonstrates the diversity of realisations of the same basic evolutionary algorithm concept.",
isbn="978-3-662-44874-8",
doi="10.1007/978-3-662-44874-8_6",
url="https://doi.org/10.1007/978-3-662-44874-8_6"
}
Beasley et al., 1993
Beasley, D., Bull, D. R., and Martin, R. R. (1993).
An overview of genetic algorithms: Part 1, fundamentals.
University Computing, 15(2):58-69.
Blickle and Thiele, 1995
Blickle, T. and Thiele, L. (1995).
A comparison of selection schemes used in genetic algorithms.
Technical Report 11, Computer Engineering and Comunnication Network Lab (TIK), Gloriastrasse 35, 8092 Zurich, Switzerland.

John Murray, London.

Goldberg, 1989
Goldberg, D. E. (1989).
Genetic Algorithms in Search, Optimization and Machine Learning.
Addison-Wesley Longman Publishing Co., Inc., Boston, MA, USA.

Jong, 1975
Jong, K. A. D. (1975).
An analysis of the behavior of a class of genetic adaptive systems.
PhD thesis, University of Michigan.
Koza, 1992
Koza, J. R. (1992).
Genetic Programming: On the Programming of Computers by Means of Natural Selection (Complex Adaptive Systems).
The MIT Press.

Tomassini, 1995
Tomassini, M. (1995).
A survey of genetic algorithms.
Annual Reviews of Computational Physics, III:87-118.



@book{holland1975,
  author = {Holland, J. H.},
  year = {1975},
  title = {Adaptation in Natural and Artificial Systems},
  publisher ={University of Michigan Press, Ann Arbor}
}


@book{rechenberg1973,
  author = {Rechenberg, I.},
  year = {1973},
  title = {Evolutionsstrategie: Optimierung technischer Systeme nach Prinzipien der biologischen Evolution},
  publisher ={Frommann-Holzboog, Stuttgart..}
}

@book{fogel1966,
  author = {Fogel, L. J. and Owens, A. J. and Walsh, M. J.},
  year = {1966},
  title = {Artificial Intelligence through Simulated Evolution.},
  publisher ={John Wiley \& Sons, New York.}
}


@book{darwin1859,
  author = {Darwin, C.},
  year = {1859},
  title = {On the Origin of Species by Means of Natural Selection.},
}
@article{marczyk2004,
  author = {Marczyk, A.},
  title = {Aalgoritmos genéticos y computación evolutiva},
  year = {2004},
  url = {https://the-geek.org/docs/algen/},
}


% Genérico

@article{knuth84,
  author = {Knuth, Donald E.},
  title = {Literate Programming},
  year = {1984},
  issue_date = {May 1984},
  publisher = {Oxford University Press, Inc.},
  address = {USA},
  volume = {27},
  number = {2},
  issn = {0010-4620},
  url = {https://doi.org/10.1093/comjnl/27.2.97},
  doi = {10.1093/comjnl/27.2.97},
  journal = {Comput. J.},
  month = may,
  pages = {97–111},
  numpages = {15}
}


